=LDR  05384cpcaa2200781 a 4500
=001  3144759
=005  20190423152319.0
=006  e\\\\\\\a\\\\\0\\\
=006  knnn\\\\\\\\\\\\kn
=008  910215i18621972ctu\\\\\\\\\\\\\\\\\eng\d
=035  \\$9(YUL)ead.beinecke.pratt
=035  \\$9FFZ6382YL
=035  \\$a3144759
=040  \\$aCtY-BR$beng$cCtY-BR$edacs
=043  \\$an-us---
=079  \\$a(OCoLC)1000595192
=099  \9$aFormer call numbers: Uncat WA MS Pratt Richard H. and Uncat WA MS 220
=100  1\$aPratt, Richard Henry,$d1840-1924.$0http://id.loc.gov/authorities/names/n85372052
=245  10$aRichard Henry Pratt papers,$f1862-1972.
=300  \\$a23.18$flinear feet (102 boxes) + 3 broadside.
=351  \\$aOrganized into seven series: I. General Correspondence and Official Papers, 1867-1924. II. Family Correspondence, 1862-1956. III. Addresses, Diaries, Writings, and Notes, 1862-1953. IV. Photographs and Drawings, 1875-1904. V. Clippings and Miscellaneous Publications, 1874-1953. VI. Special Files, 1878-1963. VII. December 1976 Acquisition, 1871-1972.
=506  0\$aThis material is open for research.
=506  1\$3Boxes 34, 42, and 43:$aRestricted fragile material. Reference surrogates have been substituted in the main files. For further information consult the appropriate curator.
=545  \\$aRichard Henry Pratt (1840-1924), American soldier and Native American educator.
=546  \\$aIn English.
=520  \\$aCorrespondence, school records, diaries, photographs, glass plate negatives, drawings, clippings, and family papers documenting Richard Henry Pratt's work with and theories on the education of American Indians and his involvement with the Carlisle Indian School. Included is material relating to the controversies surrounding Pratt's work and extensive material relating to Indian culture.
=555  0\$aFinding aid available.
=530  \\$aPortions available on microfilm$bfrom Beinecke Rare Book and Manuscript Library, Yale University.
=561  \\$aGift of Margaret Hawkins Seelye, Edgar M. Hawkins, Jr., and Richard Pratt Hawkins, 1959 and 1976.
=524  \\$aRichard Henry Pratt Papers. Yale Collection of Western Americana, Beinecke Rare Book and Manuscript Library.
=600  10$aAbbott, Lyman,$d1835-1922.$0http://id.loc.gov/authorities/names/n50034805
=600  10$aArmstrong, S. C.$q(Samuel Chapman),$d1839-1893.$0http://id.loc.gov/authorities/names/n85809955
=600  10$aBaird, Spencer Fullerton,$d1823-1887.$0http://id.loc.gov/authorities/names/n50082080
=600  10$aDawes, Henry L.$q(Henry Laurens),$d1816-1903.$0http://id.loc.gov/authorities/names/n88071852
=600  10$aDoanmoe, Etahdleuh,$d1856-1888.$0http://id.loc.gov/authorities/names/n2007017629
=600  10$aGates, Merrill Edwards,$d1848-1922.$0http://id.loc.gov/authorities/names/n88071071
=600  10$aHarris, William Torrey,$d1835-1909.$0http://id.loc.gov/authorities/names/n79038471
=600  10$aHyde, Alexander.$0http://id.loc.gov/authorities/names/no2013093384
=600  10$aJackson, Sheldon,$d1834-1909.$0http://id.loc.gov/authorities/names/n89631173
=600  10$aMontezuma, Carlos,$d1866-1923.$0http://id.loc.gov/authorities/names/n82102517
=600  10$aOhetoint, Charles.
=600  10$aParker, Arthur Caswell,$d1881-1955.$0http://id.loc.gov/authorities/names/n50050325
=600  10$aPratt, Richard Henry,$d1840-1924.$0http://id.loc.gov/authorities/names/n85372052
=600  10$aRoosevelt, Theodore,$d1858-1919.$0http://id.loc.gov/authorities/names/n79027239
=610  20$aUnited States Indian School (Carlisle, Pa.)$0http://id.loc.gov/authorities/names/n83191048
=650  \0$aIndians of North America$xEducation.$0http://id.loc.gov/authorities/subjects/sh85065252
=650  \0$aIndians of North America$xGovernment relations.$0http://id.loc.gov/authorities/subjects/sh85065278
=650  \0$aSoldiers$zUnited States.$0http://id.loc.gov/authorities/subjects/sh85124578
=650  \0$aTeachers$zPennsylvania.
=650  \0$aIndians of North America$vPictorial works.$0http://id.loc.gov/authorities/subjects/sh85065352
=650  \0$aOff-reservation boarding schools$zUnited States.
=650  \0$aIndian students$zUnited States.
=651  \0$aUnited States$xHistory$yCivil War, 1861-1865.$0http://id.loc.gov/authorities/subjects/sh85140205
=651  \0$aUnited States$vMaps$y19th century.
=655  \7$aDiaries$zUnited States$y19th century.$2rbgenr
=655  \7$aDrawings (visual works)$zUnited States$y19th century.$2aat
=655  \7$aLedger drawings$zUnited States$y19th century.$2aat
=655  \7$aPhotographic prints$zUnited States$y19th century.$2aat
=655  \7$aGlass negatives$zUnited States.$2gmgpc
=655  \7$aMaps (documents)$zUnited States$y19th century.$2aat
=656  \7$aSoldiers$zUnited States$y19th century.$2lcsh
=656  \7$aTeachers$zPennsylvania$y19th century.$2lcsh
=852  \\$aBeinecke Rare Book and Manuscript Library, Yale University, New Haven, CT
=856  42$3View a description and listing of collection contents in the finding aid$uhttp://hdl.handle.net/10079/fa/beinecke.pratt
=856  41$3View a selection of digital images in the Beinecke Library's Digital Images Online database$uhttp://beinecke.library.yale.edu/dl_crosscollex/callnumSRCHXC.asp?WC=N&SS=N&CN=WA_MSS_S-1174
=927  \\$a19991011RO
=928  \\$aAC11231999
=948  \\$asrb$aREC

